@inproceedings{Ko:2007,
  author = {Ko, Andrew J. and DeLine, Robert and Venolia, Gina},
  title = {Information Needs in Collocated Software Development Teams},
  booktitle = {Proceedings of the 29th International Conference on Software Engineering},
  series = {ICSE '07},
  year = {2007},
  isbn = {0-7695-2828-7},
  pages = {344--353},
  numpages = {10},
  url = {http://dx.doi.org/10.1109/ICSE.2007.45},
  doi = {10.1109/ICSE.2007.45},
  acmid = {1248867},
  publisher = {IEEE Computer Society},
  address = {Washington, DC, USA},
}
